2055 3052
265 141 337 199 os
631 141 747 198 nu
783 112 1124 198 mrum
1157 142 1524 200 unorum

266 246 617 313 volubilitas,
658 262 798 316 quae
818 247 925 299 nisi
945 249 1006 300 in
1022 249 1266 318 globosa
1285 249 1470 305 forma
1488 267 1608 308 esse
1625 266 1732 307 non
1749 266 1887 326 nos-

266 323 372 381 set,
394 325 452 372 et
471 318 762 370 stellarum
784 318 1013 387 rotundi
1035 320 1280 373 ambitus
1303 330 1729 389 cognoscuntur:
1763 323 1890 392 pri-

264 402 497 454 musque
519 387 634 448 sol,
679 388 775 455 qui
804 388 1087 440 astrei-um
1122 390 1340 442 obtinet
1360 395 1758 462 principatum,
1789 394 1887 451 ita

263 462 539 518 movetur,
562 461 641 517 ut,
654 471 821 523 quum
843 464 1024 513 terras
1045 459 1205 528 larga
1225 460 1349 510 luce
1371 465 1751 531 compleverit,
1764 478 1890 515 eas-

268 526 396 580 dem
416 525 582 577 modo
605 523 731 589 his,
762 528 930 581 modo
958 529 1074 581 illis
1100 528 1445 598 eit-partibus
1467 539 1685 599 opacet.
1755 533 1882 599 Ipsa

269 597 413 647 enim
436 594 631 646 umbra
651 600 835 651 terrae
857 599 969 650 soli
992 597 1258 659 officiens,
1295 604 1522 651 noctem
1541 603 1743 654 efficit:
1789 614 1880 651 no-

268 670 589 715 cturnorum
611 671 799 716 autem
819 668 1132 732 spatiorum
1151 666 1351 719 eadem
1382 676 1467 719 est
1489 671 1885 738 aequabilitas,

268 747 410 799 quae
429 732 779 787 diurnorum:
810 736 1171 800 eiusdemque
1194 735 1329 786 solis
1345 742 1463 787 tum
1488 754 1746 797 accessus
1768 752 1889 790 mo·

244 799 383 853 ‘dici
400 807 524 851 tum
558 814 809 852 recessus
845 808 904 852 et
931 800 1163 868 frigoris
1194 809 1253 856 et
1273 805 1479 858 caloris
1496 809 1726 859 modum
1747 815 1909 860 tem-

265 875 495 937 perant:
535 868 798 919 circuitus
820 870 967 922 enim
990 871 1129 923 solis
1152 873 1369 924 orbium
1397 888 1435 925 v
1463 881 1520 925 et
1541 891 1627 927 mc
1660 883 1719 928 et
1739 888 1889 937 ccc,

265 943 465 1006 quarta
503 936 620 988 fere
657 937 770 992 diei
798 946 961 1005 parte
991 940 1213 1011 addita,
1234 983 1238 990 .
1259 942 1672 994 conversionem
1708 947 1884 997 confi.

176 1061 185 1071 ‚
267 1007 422 1059 ciunt
452 1022 716 1060 annuamt
756 1007 1047 1063 inflectens
1085 1017 1276 1062 autem
1302 1010 1390 1062 sol
1420 1024 1638 1060 cursum
1667 1017 1788 1060 tum
1809 1013 1895 1068 ad

264 1083 486 1144 septem
505 1078 738 1142 triones,
764 1084 887 1132 tum
907 1080 979 1132 ad
995 1079 1310 1142 meridiem„
1331 1084 1567 1132 aestates
1586 1083 1644 1129 et
1664 1076 1890 1130 hiemes

269 1146 464 1211 efficit,
486 1154 543 1201 et
565 1164 635 1200 ea
659 1149 769 1201 duo
789 1155 1064 1218 tempora,
1103 1163 1337 1217 quorum
1355 1149 1590 1200 alterum
1605 1145 1779 1195 hiemi
1801 1150 1897 1193 εο-

178 1214 187 1219 ’
266 1219 519 1271 uescenti
542 1218 868 1271 adiunctum
889 1227 992 1282 est,
1015 1220 1256 1271 alterum
1276 1217 1492 1271 aestafi.
1533 1214 1621 1266 lta
1640 1227 1710 1264 ex
1727 1218 1894 1279 quat·
1911 1230 1924 1247 ·

270 1293 402 1338 tuor
431 1292 743 1355 temporum
775 1289 1207 1349 mutationibus,
1235 1288 1516 1345 omnium,
1553 1294 1702 1349 quae
1731 1288 1897 1335 tem

271 1353 526 1421 marique
548 1355 863 1421 gignuntur,
883 1355 1048 1405 initia
1069 1370 1410 1419 caussaeque
1432 1353 1723 1402 ducuntur.
1799 1348 1896 1404 50.

269 1425 390 1477 lam
412 1423 548 1477 solis
571 1416 780 1474 annuos
804 1430 1003 1475 cursus
1017 1420 1215 1488 spatiis
1235 1420 1535 1473 menstruis
1545 1419 1680 1471 luna
1697 1432 1902 1473 conse-

271 1492 486 1563 quitur:
532 1492 685 1544 cuius
708 1491 1093 1544 tenuissimum
1125 1491 1313 1543 lumen
1335 1489 1476 1544 facit
1489 1489 1781 1558 proximus
1801 1502 1896 1543 ac·

273 1577 462 1621 cessus
492 1562 565 1613 ad
592 1562 795 1625 solem,
836 1560 1130 1628 digressus
1150 1567 1339 1613 autem
1358 1560 1719 1628 longissimus
1741 1560 1894 1627 quis·

270 1648 379 1701 que
410 1631 810 1699 plenissimum.
881 1631 1279 1699 Neque-solum
1310 1632 1432 1684 eius
1454 1631 1667 1698 species
1688 1645 1757 1696 ac
1778 1630 1890 1682 for-
1969 1683 1982 1694 x

268 1719 364 1755 ma
379 1708 631 1754 mutatur
649 1707 769 1753 tum
792 1700 1091 1754 crescendo
1107 1737 1123 1765 ,
1158 1707 1281 1754 tum
1312 1699 1627 1755 defectibus
1645 1701 1706 1752 in
1722 1698 1874 1751 initis

268 1773 628 1835 recurrendo,
658 1771 759 1824 sed
780 1772 951 1832 etiam
968 1772 1149 1839 regio,
1168 1786 1313 1839 quae
1331 1778 1451 1823 tmn
1472 1777 1560 1823 est
1580 1767 1881 1837 aquilonia,

269 1851 391 1896 tum
412 1843 697 1896 australis.
766 1841 833 1893 ln
852 1842 1016 1895 lunae
1039 1857 1256 1910 quoque
1278 1857 1442 1894 cursu
1463 1848 1552 1895 est
1582 1847 1640 1893 et
1656 1840 1888 1891 brumae

218 1923 224 1930 ’
270 1914 544 1982 quaedam
567 1919 626 1964 et
645 1911 880 1968 solstitii
901 1911 1241 1966 similitudo:
1279 1911 1566 1979 multaque
1594 1910 1665 1961 ab
1684 1923 1753 1962 ea
1769 1920 1890 1959 ma·

267 1988 406 2034 nant
446 1988 515 2032 et·
541 1979 744 2040 fluunt,
785 1980 982 2045 quibus
1023 1986 1085 2031 et
1123 1980 1435 2031 animantes
1453 1980 1693 2032 ‘alantur
1717 1989 1891 2045 auge·

269 2056 565 2117 scantque3
586 2055 643 2100 et
661 2048 966 2115 pubescant
985 2048 1478 2116 maturitatemque
1499 2052 1899 2115 assequantur*

270 2135 414 2189 quae
444 2120 701 2171 oriuntur
734 2132 764 2170 e
788 2123 960 2170 terra.
1032 2116 1158 2168 XX.
1198 2115 1284 2169 51.
1321 2117 1568 2170 Maxime
1597 2132 1734 2170 vero
1745 2120 1891 2168 sunt

270 2189 634 2243 admirabiles
669 2194 855 2239 motus
896 2201 1088 2240 earum
1114 2186 1354 2255 quinque
1381 2189 1699 2250 stellarum,
1740 2199 1890 2254 quas

271 2257 419 2311 falso
438 2264 709 2311 vocantur
735 2264 1007 2312 errantes.
1078 2254 1244 2312 Nihil
1266 2258 1412 2310 enim
1442 2262 1617 2319 errat,
1658 2256 1810 2324 quod
1829 2257 1890 2308 iu

270 2329 424 2382 omni
454 2328 788 2382 aeternitate
817 2332 1111 2388 conservat
1140 2341 1471 2396 progressus
1499 2332 1557 2380 et
1576 2341 1888 2394 regressus,

271 2398 630 2465 reliquosque
650 2404 834 2450 motus
856 2403 1173 2450 constantes
1193 2403 1252 2449 et
1272 2404 1447 2450 ratos.
1519 2396 1683 2459 Quod
1706 2411 1776 2448 eo
1801 2401 1894 2449 es·

273 2467 661 2521 admirabilius
690 2468 748 2518 in
779 2464 869 2517 hie
891 2467 1101 2529 stellis,
1140 2482 1277 2549 quas
1308 2465 1592 2529 dicimus&
1615 2466 1747 2534 quia
1766 2471 1892 2518 tum

273 2537 638 2598 occultantur,
658 2541 777 2587 tum
798 2551 994 2590 rursus
1016 2540 1360 2601 aperiuntur,
1378 2543 1499 2588 tum
1517 2535 1747 2601 adeunt,
1768 2543 1893 2589 tum

269 2605 567 2666 recedunt,
607 2610 724 2655 tum
747 2604 1113 2667 antecedunt,
1150 2610 1275 2656 tum
1296 2607 1734 2673 subsequuntur,
1767 2614 1890 2661 tum

272 2672 508 2726 celerius
525 2679 820 2726 moventur
827 2706 846 2736 ,
882 2672 1262 2740 temni-dius,
1288 2680 1411 2729 tum
1432 2674 1659 2746 omnine
1677 2690 1756 2730 ne
1772 2691 1891 2729 nm·
