2055 3052
231 156 268 210 6
592 156 704 210 DE
742 153 1086 210 NATURA
1119 150 1510 207 DEORUM·-

202 264 410 328 ,paene
438 257 750 314 videantur.
818 258 1036 312 Contra
1062 273 1202 328 quos
1225 256 1540 312 Carneades
1567 256 1653 313 ita
1669 255 1854 313 multa

234 330 527 393 disseruit,
564 337 626 381 nt
649 328 920 383 excitaret
942 329 1197 382 homines
1218 345 1331 381 non
1358 328 1622 382 socordes
1645 327 1718 379 ad
1736 329 1857 380 veri

233 401 610 469 investigandi
635 401 1016 468 cupiditatem.
1091 399 1142 453 5.
1164 400 1443 471 Resenim
1462 398 1617 450 nulla
1638 404 1740 461 est,
1779 397 1854 452 de

235 486 345 538 qua
366 477 659 538 tantopere
674 487 789 522 non
809 471 990 522 solum
1013 469 1368 534 indocti‚·sed
1388 471 1557 521 etiam
1578 467 1731 520 docti
1744 467 1854 519 dis-

235 541 496 593 sentiant.
575 542 825 603 Quorum
855 542 1147 608 opiniones
1176 555 1340 608 quum
1374 545 1491 591 tam
1521 539 1709 591 variae
1739 540 1853 593 sint

123 620 126 623 “
210 617 462 677 -tamque
492 612 640 662 inter
666 627 727 664 se
759 611 1120 664 dissidentes:
1164 612 1402 663 alterum
1442 609 1569 660 fieri
1595 607 1852 675 profecto

235 686 443 748 potest,
474 686 538 732 ut
558 695 748 732 earum
770 680 952 746 nulla;
985 681 1227 734 alterum
1251 685 1404 731 certe
1423 693 1534 730 non
1552 684 1759 745 potest,
1787 682 1875 740 ut-

236 750 364 818 plus
386 765 499 802 una
517 766 652 803 vera
680 752 770 803 sit.
842 751 935 803 111.
974 751 1101 812 Qua
1120 749 1346 819 quidem
1375 749 1436 800 in
1463 764 1663 801 caussa
1682 754 1740 801 et
1760 747 1856 801 be·

234 820 469 873 nevolos
493 820 882 890 obiurgatores
904 821 1149 890 placare,
1192 825 1251 872 et
1270 819 1488 871 invidos
1509 819 1855 886 vituperato-

233 905 325 943 res
370 890 661 944 confutare
701 906 1022 960 possumus,
1071 897 1137 944 ut
1177 891 1395 943 alteros·
1422 886 1856 956 reprehendisse

234 960 547 1030 poeniteat,
588 961 757 1014 alteri
799 961 1064 1016 didicisse
1103 976 1165 1015 se
1204 960 1505 1030 gaudeant.
1576 958 1723 1023 Nam
1752 957 1858 1030 ‘qui

237 1028 542 1096 admonent
561 1035 757 1103 amice,
779 1030 1013 1084 docendi
1035 1037 1190 1084 suntz
1216 1033 1312 1098 qui
1333 1031 1561 1082 inimice
1581 1029 1858 1081 insectan-

234 1108 355 1164 tur,
393 1101 722 1169 repellendi.
792 1102 844 1155 6.
875 1101 1121 1154 Multum
1142 1107 1330 1154 autem
1345 1099 1577 1152 fluxisse
1597 1098 1762 1166 video
1784 1097 1859 1150 de

236 1172 393 1224 libris
426 1172 665 1235 nostris,
709 1185 849 1239 quos
880 1173 1194 1240 complures
1223 1172 1380 1224 brevi
1408 1178 1663 1239 tempore
1682 1167 1861 1222 edidi-

238 1257 378 1304 mus,
398 1243 725 1309 variumque
745 1241 1078 1305 sermonem,
1098 1244 1305 1310 partim
1329 1241 1739 1301 admirantium,
1758 1253 1861 1288 un·

209 1370 221 1377 ,
239 1312 307 1364 de
329 1309 436 1363 hoc
463 1310 904 1378 'philosophandi
931 1313 1094 1364 nobis
1123 1310 1590 1367 subito-studium
1613 1306 1860 1358 exstitis-

238 1380 345 1444 set,
369 1384 590 1448 partim,
612 1381 745 1449 quid
766 1396 985 1450 quaque
1006 1381 1080 1434 de
1093 1396 1157 1434 re
1179 1382 1320 1437 certi
1339 1380 1687 1438 haberemus,
1708 1377 1859 1429 scire

241 1451 598 1518 cupientium.
653 1450 854 1503 Multis
876 1451 1048 1504 etiam
1068 1452 1218 1505 sensi
1236 1449 1492 1503 mirabile
1512 1447 1709 1510 videri,
1733 1461 1857 1500 eam

239 1521 404 1574 nobis
426 1523 776 1589 potissimum
796 1523 1094 1591 probatam
1118 1538 1242 1577 esse
1263 1518 1692 1594 philosophiam,
1707 1531 1860 1585 ‘quae

241 1584 424 1644 lhcem
447 1595 714 1660 eriperet,
757 1598 816 1645 et
835 1596 994 1664 quasi
1015 1602 1238 1648 noctem
1259 1591 1557 1661 quamdam
1589 1591 1754 1641 rehus
1775 1586 1860 1639 of·

239 1661 519 1725 funderet,
558 1661 925 1734 desertaeque
947 1665 1293 1732 disciplinae,
1324 1669 1381 1714 et
1399 1662 1514 1712 iam
1535 1659 1748 1726 pridem
1771 1671 1860 1708 re·

239 1733 428 1795 lictae,
464 1734 841 1799 patrocinium
863 1744 966 1787 nec
985 1737 1276 1803 opinatum
1296 1746 1331 1782 a
1351 1731 1509 1781 nobis
1530 1743 1652 1779 esse
1671 1741 1860 1779 susee-

196 1869 203 1874 Α
238 1808 416 1871 ptum.
460 1802 578 1858 Nos
599 1810 786 1857 autem
808 1820 911 1858 nec
930 1806 1117 1858 subito
1141 1801 1420 1868 coepimus
1442 1793 1857 1865 philosophariz

239 1887 346 1927 nec
363 1872 702 1929 mediocrem
720 1891 758 1928 a
774 1878 960 1946 primo
982 1882 1239 1942 tempore
1269 1870 1477 1925 aetatis
1497 1870 1559 1920 in
1580 1881 1647 1922 eo
1670 1863 1859 1949 studio

240 1957 469 2010 operam
486 1959 788 2013 curamque
808 1945 1281 2010 consumpsimus:
1320 1948 1406 2001 et,
1446 1954 1613 2004 quum
1633 1938 1861 1987 minime
1929 1973 1932 1976 -

239 2012 583 2077 videbamur,
604 2022 726 2067 tum
751 2013 992 2064 maxime
1012 2007 1564 2075 philosophabamur.
1613 2003 1778 2065 Quod
1798 2008 1862 2055 et

242 2084 529 2135 orationes
552 2084 859 2144 declarant,
895 2079 1139 2132 refertae
1161 2075 1622 2144 philosophorum
1641 2078 1862 2126 senten·

241 2156 358 2219 tiis,
398 2160 455 2206 et
475 2152 928 2205 doctissimorum
952 2146 1236 2204 hominum
1260 2144 1708 2206 familiaritates,
1744 2141 1863 2210 qui·

240 2223 348 2274 bus
390 2238 611 2291 semper
649 2217 844 2273 domus
873 2224 1071 2272 nostra
1100 2216 1321 2271 floruit:
1362 2223 1422 2269 et
1447 2216 1726 2284 principes
1757 2212 1862 2277 illi,

241 2293 538 2357 Diodotus,
559 2291 742 2355 Philo,
759 2288 1088 2354 Antiochus,
1119 2287 1476 2351 Posidonius,
1506 2303 1541 2339 a
1559 2286 1758 2355 quibus
1777 2282 1862 2332 in-

243 2363 429 2417 stituti
449 2377 654 2415 sumus.
724 2360 900 2425 ⁷·Et‚
939 2360 992 2414 si
1009 2360 1200 2413 omnia
1220 2356 1611 2429 philosophiae
1634 2366 1862 2434 praece-

242 2440 343 2501 pta
361 2433 679 2486 referuntur
707 2431 781 2484 ad
806 2433 1010 2496 vitam,
1052 2431 1391 2485 arbitramur
1420 2445 1521 2481 nos
1543 2432 1601 2479 et
1621 2423 1862 2493 publicis

246 2510 304 2558 et
322 2503 559 2568 privatis
578 2503 638 2555 in
657 2502 825 2558 rebus
845 2517 921 2556 ea·
940 2502 1317 2570 praestitisse,
1358 2514 1500 2568 quae
1520 2497 1666 2549 ratio
1690 2490 1864 2574 eqd-o·

245 2573 427 2625 ctrina
454 2574 897 2641 praescripserit.
969 2571 1066 2625 lV.
1104 2571 1203 2625 Sin
1238 2580 1423 2623 autem
1454 2568 1578 2635 quis
1609 2564 1864 2629 requirit,

247 2656 388 2705 quae
414 2655 613 2692 caussa
640 2659 741 2694 nos
761 2642 1071 2709 impulerit,
1110 2648 1178 2693 ut
1207 2638 1346 2692 haec
1364 2643 1482 2691 tam
1505 2648 1629 2687 sero
1652 2629 1863 2684 litteris

248 2708 655 2775 mandaremus,
675 2711 819 2765 nihil
839 2719 942 2776 est,
964 2710 1117 2779 quod
1138 2709 1403 2780 expedire
1422 2713 1542 2759 tam
1563 2701 1865 2769 facilepos-
