2055 3052
270 131 374 190 128
541 83 544 86 ’
619 105 742 186 ΠΕ
781 128 1124 210 NArrunA
1159 85 1525 185 naono-M

268 237 375 292 bus
393 236 734 290 Stoicorum.
810 235 868 287 Si
890 236 1036 287 enim
1056 245 1155 287 vos
1179 250 1399 302 sequar,
1441 235 1551 299 dic,
1579 234 1712 303 quid
1730 234 1784 289 ei
1804 251 1906 291 re-
1930 245 1945 256 f

271 309 595 378 spondeam,
620 308 715 374 qui
728 321 814 356 me
831 306 912 356 sic
924 313 1114 374 roget3
1137 305 1308 358 SiDii
1328 312 1472 368 sunt,
1497 313 1692 358 suntne
1714 308 1899 359 etiam

274 378 571 447 Nymphae
592 377 780 428 Deae&
823 375 871 426 si
901 374 1220 445 Nymphae,
1254 376 1477 428 Panisci
1497 378 1687 438 etiam,
1717 383 1776 427 et
1797 374 1900 428 Sa·

274 449 422 516 tyri!
460 448 537 498 Hi
562 454 750 498 autem
770 461 876 496 non
903 454 1059 497 sunt:
1083 463 1152 497 ne
1174 445 1471 512 Nymphae
1491 445 1714 513 quidem
1735 443 1889 505 Deae

272 518 469 585 igitur.
542 518 614 568 At
642 532 836 568 earum
864 516 1078 582 templa
1106 521 1235 567 sunt
1263 516 1482 581 publice
1513 522 1647 566 vota
1668 521 1724 566 et
1748 513 1891 566 dedi·
1960 533 1967 534 ff

255 595 422 642 cata.
497 586 645 647 Quid
670 586 879 654 igitur?
922 586 1007 639 Ne
1031 586 1204 637 ceteri
1226 583 1448 650 quidem
1472 600 1607 651 ergo
1628 584 1740 646 Dii,
1767 597 1897 650 quo·

275 671 399 709 ru'm
441 657 654 722 templa
694 663 823 706 sunt
868 655 1143 706 dedicata.
1215 655 1332 720 Age
1371 668 1571 720 porro:
1613 652 1804 704 Iovem
1841 657 1900 704 et

275 726 594 791 Neptunum
621 726 772 782 Deos
805 739 1083 774 numeras:
1129 736 1263 788 ergo
1288 724 1462 773 etiam
1485 724 1688 785 OrcuS,
1719 722 1899 774 frater

278 810 488 855 eorum,
511 793 679 855 DeuS,
702 800 758 843 et
776 793 875 853 illi,
908 794 999 858 qui
1021 791 1195 841 fluere
1220 792 1365 858 apud
1389 792 1598 845 inferos
1622 792 1900 852 dicuntur,

274 862 542 922 Acheron,
558 864 819 927 CocytuS,
841 860 999 927 Styx,
1016 857 1507 931 Pyriphlegethon,
1518 868 1635 911 tum
1653 858 1897 923 Charon,

275 940 394 984 tum
420 931 715 992 Cerberus»,
747 929 840 980 Dii
863 930 1115 996 putandi.
1187 930 1276 981 44.
1314 931 1385 979 At
1407 931 1466 981 id
1486 930 1713 998 quidem
1735 944 1901 995 repu-
1976 957 1987 968 ν

213 1003 219 1012 ”
277 1001 560 1053 diandum.
603 999 702 1052 'Ne
727 1000 903 1051 Orcus
932 1000 1151 1066 quidem
1170 999 1322 1051 Deus
1343 1000 1550 1066 igitur?
1588 998 1736 1059 Quid
1756 998 1909 1048 dici·

275 1069 350 1123 tis
373 1085 508 1138 ergo
533 1071 599 1121 de
621 1070 926 1121 fratribus?
963 1072 1122 1121 Haec
1135 1068 1448 1121 Carneades
1470 1067 1674 1130 aiebat,
1692 1081 1807 1117 non
1831 1072 1908 1118 ut

263 1140 429 1192 *Deos
452 1142 710 1191 tolleret:
758 1140 889 1208 quid
921 1142 1070 1191 enim
1112 1138 1443 1206 philosopho
1476 1139 1658 1187 minus
1697 1151 1908 1187 conve·

277 1210 472 1262 niens‘!
489 1217 498 1238 ¹
517 1210 614 1262 sed
639 1218 700 1261 ut
722 1210 948 1261 Stoicos
971 1208 1110 1260 nihil
1137 1210 1204 1261 de
1226 1209 1351 1260 Diis
1374 1207 1653 1274 explicare
1676 1206 1901 1256 convin-

228 1311 234 1318 -
280 1287 450 1333 ceret.
523 1282 718 1347 ltaque
742 1278 1157 1347 insequebatur.
1233 1279 1381 1341 Quid
1404 1273 1580 1329 enim?
1622 1276 1828 1338 aiebat,
1849 1275 1898 1325 si

278 1348 338 1402 hi
361 1351 566 1401 fratres
588 1351 794 1400 suntin
817 1366 1046 1403 numero
1067 1350 1334 1411 Deorum,
1379 1364 1507 1399 num
1533 1345 1601 1397 de
1624 1352 1785 1413 patre
1806 1359 1894 1395 eo-

276 1417 403 1472 rum
421 1419 664 1470 Saturno
689 1421 880 1485 negari
907 1426 1124 1484 potest,
1166 1434 1328 1484 quem
1351 1418 1520 1483 vulgo
1544 1416 1786 1467 maxime
1809 1427 1896 1464 co·

277 1489 400 1544 lunt
425 1488 496 1540 ad
521 1488 878 1539 Occidentem
893 1488 913 1537 ’ἔ
974 1489 1093 1548 Qui?
1113 1488 1163 1537 si
1188 1494 1272 1538 est
1294 1486 1479 1550 Deus,
1515 1492 1734 1559 patrem
1766 1497 1895 1553 quo·

279 1575 384 1628 que
407 1560 543 1620 eius,
568 1558 813 1619 Caelum,
837 1573 958 1608 esse
979 1557 1162 1609 Deum
1187 1557 1566 1609 confitendum
1588 1562 1692 1608 est.
1733 1551 1894 1616 Quod

278 1631 330 1681 si
357 1630 441 1680 ita
471 1635 574 1690 est,
593 1627 770 1679 ‘Caeli
807 1641 1022 1693 quoque
1055 1635 1318 1692 parentes
1347 1627 1448 1678 Dii
1478 1625 1720 1678 habendi
1750 1628 1891 1684 sunt,

277 1697 488 1753 Aether
515 1706 571 1750 et
603 1698 765 1759 Dies,
809 1707 1107 1764 eorumque
1144 1697 1350 1749 fratres
1374 1705 1430 1749 et
1451 1713 1700 1749 sorores:
1739 1691 1827 1758 qui
1848 1704 1883 1740 a

279 1768 607 1837 genealogis
650 1768 895 1834 antiquis
938 1767 1021 1817 sic
1058 1769 1431 1830 nominantur,
1469 1770 1656 1830 Amor,
1695 1760 1884 1825 Dolor,

276 1839 484 1901 Metus,
523 1839 731 1899 Labor,
772 1836 1103 1899 Invidentia,
1144 1838 1365 1900 Fatum,
1408 1832 1893 1901 SenectuS,vMors,

277 1910 589 1970 Tenebrae,
619 1907 869 1969 Miseria,
896 1908 1155 1968 Querela,
1176 1908 1394 1969 Gratia,
1428 1907 1622 1970 Fraus„
1643 1903 1895 1955 Pertina-

280 1977 386 2041 cia,
408 1977 637 2039 Parcae,
655 1977 1021 2046 Hesperides,
1045 1977 1293 2029 Somnia:
1335 1993 1470 2043 quos
1495 1991 1684 2027 omnes
1705 1972 1894 2024 Erebo

279 2046 338 2101 et
361 2048 539 2099 Nocte
561 2054 723 2096 natos
747 2046 949 2096 ferunt.
1005 2049 1115 2096 Aut
1143 2047 1320 2113 igitur
1340 2045 1478 2097 haec
1498 2049 1749 2097 monstra
1770 2055 1900 2109 pro·

283 2116 466 2169 banda
486 2123 628 2183 sunt,
651 2121 747 2165 aut
759 2116 942 2182 prima
960 2115 1063 2166 illa
1074 2116 1341 2167 tollenda.
1376 2114 1575 2167 XVIII.
1596 2115 1685 2167 45.
1713 2109 1899 2174 Quid}

277 2187 610 2252 Apollinem,
631 2184 960 2248 Vulcanum,
991 2186 1348 2249 Mercurium,
1382 2192 1613 2248 ceteros),
1636 2184 1792 2235 Deos
1818 2197 1901 2234 es-

281 2272 342 2306 se
367 2255 542 2306 dices:
588 2255 654 2306 de
677 2256 939 2318 Hercule,
981 2256 1332 2323 Aesculapio,
1372 2254 1598 2317 Libero,
1637 2255 1900 2314 Castore,

280 2324 512 2393 Polluce
535 2325 847 2377 dubitabis'l
904 2329 975 2377 At
994 2325 1053 2376 hi
1079 2328 1295 2395 quidem
1321 2326 1575 2377 coluntur
1596 2340 1662 2375 ae
1704 2338 1794 2385 ue,
1818 2330 1904 2374 at·

283 2408 387 2459 quc
413 2394 522 2455 ini3
550 2395 693 2460 apud
718 2395 987 2461 quosdam
1015 2400 1184 2448 etiam
1207 2397 1379 2447 multo
1405 2411 1492 2446 ma
1535 2395 1599 2445 is.
1711 2407 1817 2459 rgo
1839 2389 1903 2442 hi

279 2462 381 2513 Dii
402 2470 528 2511 sunt
551 2462 806 2526 habendi,
839 2465 1101 2515 mortalib
1191 2468 1306 2517 nati
1332 2467 1495 2516 matri
1537 2462 1634 2514 us?
1704 2458 1899 2524 Quid}

279 2531 587 2593 AristaeuS,
611 2533 704 2596 qui
719 2533 901 2584 olivae
916 2534 1124 2584 dicitur
1143 2537 1200 2585 in
1226 2542 1412 2595 ⁴entur,
1426 2533 1702 2601 Apollinis
1721 2532 1898 2582 filius:

280 2598 530 2648 Theseus
552 2601 819 2663 Neptuni:
863 2602 1085 2666 reliqui,
1129 2619 1360 2671 quorum
1394 2611 1583 2670 patres
1614 2602 1739 2663 Dii,
1782 2606 1901 2651 non

278 2671 443 2714 erunt
479 2668 540 2717 in
575 2668 825 2720 Deorum
864 2673 1129 2726 numero!
1190 2673 1364 2741 Quid,
1408 2686 1643 2741 quorum
1683 2677 1897 2725 matres
