2055 3052
364 44 391 55 r

558 112 792 221 ‘nm
829 147 903 200 11.
980 147 1146 200 car.
1181 146 1236 200 6.
1269 146 1326 198 7.
1560 162 1572 172 ·
1724 140 1792 198 5⁷

181 259 465 314 bominum
483 254 745 309 sollertia
764 265 883 307 esse
901 254 1150 321 aliquam
1172 258 1438 312 mentem,
1455 251 1512 301 et
1535 261 1658 300 eam
1682 247 1799 316 qui·

176 332 299 384 dem
323 329 603 384 acriorem
625 331 683 377 et
706 325 964 388 divinam,
986 326 1315 377 existimare
1338 322 1622 373 «hebemus.
1650 317 1798 379 Unde

175 402 320 456 enim
352 401 509 452 hanc
525 396 680 448 homo
701 394 980 463 arripuit?
1014 401 1084 446 ut
1101 395 1184 446 ait
1206 392 1353 460 apud
1372 387 1801 457 Xenophontem

176 472 471 525 Socrates.
512 465 695 527 ‘Quin
714 470 771 518 et
791 463 1101 527 humorem,
1125 470 1182 516 et
1205 465 1467 523 calorem,
1497 459 1595 528 qui
1616 463 1702 509 est
1724 456 1807 507 fu·

178 555 281 592 sus
302 539 365 587 in
383 551 635 603 corpore,
672 542 732 587 et
753 541 1037 588 terrenam
1055 535 1531 601 ipsam’viscetum
1552 527 1809 580 solidita·

112 629 127 637 ’
182 617 321 668 tem,
346 606 594 658 animum
617 600 854 673 denique
874 607 1039 657 illum
1062 603 1405 670 spirabilem,
1425 602 1473 651 si
1493 600 1620 667 quis
1642 609 1809 665 quae·

182 682 308 737 rat,
349 675 494 727 unde
532 673 862 739 habeamus,
902 680 1163 744 apparet:
1208 672 1356 740 quod
1400 669 1556 722 aliud
1589 685 1624 720 a
1656 676 1810 719 terra

187 745 542 812 sumpsimus,
569 745 723 796 aliud
741 746 811 798 ab
830 745 1086 807 humore,
1118 743 1275 796 aliud
1298 743 1367 793 ab
1389 742 1536 807 igne,
1556 736 1713 790 aliud
1737 736 1809 788 ab

187 818 321 868 aere
345 829 430 878 eo,
455 830 615 882 quem
634 816 1123 884 spirituducimus:
1145 813 1289 865 illud
1311 818 1515 873 autem,
1538 807 1685 876 quod
1696 806 1810 857 vin·

188 885 269 939 cit
290 884 432 936 haec
452 886 653 949 omnia,
691 887 971 953 rationem
991 886 1139 948 dico,
1175 890 1247 946 et,
1274 884 1325 934 si
1343 883 1532 949 placet
1554 877 1811 945 pluribus

182 954 393 1017 verbis,
433 962 692 1021 mentem,
734 957 1069 1017 consilium,
1102 953 1505 1020 cogitationem
1521 984 1537 1011 ,
1576 945 1811 1013 pruden-

183 1026 355 1087 tiam,
386 1025 484 1078 ubi
513 1025 862 1078 invenimus}
903 1023 1056 1074 unde
1075 1020 1444 1073 sustulimus}
1521 1018 1603 1068 An
1624 1021 1814 1066 cetera

183 1095 428 1145 mundus
445 1093 677 1147 habebit
700 1092 910 1151 omnia,
945 1089 1057 1140 hoc
1072 1104 1266 1148 unum,
1295 1086 1443 1152 quod
1465 1083 1690 1149 plurimi
1712 1089 1816 1144 est,

190 1178 310 1211 nou
322 1160 587 1209 habe-,bin
621 1159 794 1222 Atqui
815 1163 967 1207 certe
986 1154 1131 1211 nihil
1151 1154 1399 1204 omnium
1417 1166 1605 1203 rerum
1626 1151 1818 1202 melius

198 1234 289 1278 est
308 1224 536 1286 mundo,
560 1223 704 1275 nihil
723 1223 1155 1292 praestabilius,
1190 1220 1329 1272 nihil
1360 1218 1677 1289 pulchrius:
1720 1234 1821 1271 nec

107 1308 140 1321 ³
192 1295 383 1347 solum
412 1293 556 1345 nihil
589 1300 706 1358 est,
754 1293 856 1346 sed
886 1309 957 1345 ne
989 1293 1230 1360 cogitari
1262 1291 1483 1359 quidem
1518 1289 1817 1357 quidquam

192 1365 404 1419 melius
431 1369 641 1432 potest.
713 1364 807 1427 Et,
839 1364 891 1415 si
918 1363 1141 1435 ratione
1171 1367 1230 1414 et
1260 1361 1542 1430 sapientia
1570 1358 1711 1411 nihil
1735 1365 1821 1412 est

190 1434 417 1497 melius,
439 1448 666 1487 necesse
689 1440 775 1488 est
794 1432 936 1487 haec
954 1434 1140 1486 inesse
1161 1433 1218 1484 in
1239 1448 1308 1485 eo
1322 1469 1338 1496 ‚
1375 1430 1522 1501 quod
1548 1429 1818 1497 optimum

192 1519 317 1558 esse
341 1505 717 1559 concedimus,
793 1501 878 1559 19.
917 1503 1070 1569 Quid
1089 1503 1257 1557 ver03
1298 1509 1458 1557 tanta
1481 1515 1671 1554 rerum
1694 1514 1820 1553 con·

194 1576 456 1637 sentiens,
495 1576 835 1644 conspirans,
869 1576 1196 1627 continuata
1219 1573 1502 1642 cognatio,
1522 1586 1683 1638 quem
1708 1586 1819 1621 nou

195 1650 379 1713 coget,
400 1660 485 1708 ea,
504 1661 644 1713 quae
666 1646 927 1705 dicuntur
948 1661 982 1696 a
1003 1660 1110 1708 me,
1135 1640 1543 1710 comprobare?
1599 1640 1818 1693 Posset·

191 1729 261 1766 ne
280 1730 394 1766 uno
416 1721 668 1780 tempore
687 1715 893 1766 florere
903 1711 929 1775 ,'
958 1714 1161 1765 deinde
1179 1713 1430 1763 vicissim
1449 1710 1688 1763 horrere
1708 1716 1819 1762 ter·
1912 1765 1930 1784 ‚

192 1782 295 1833 ra'!
327 1789 445 1843 aut,
464 1788 555 1832 tot
571 1785 741 1838 rebus
757 1784 899 1848 ipsis
921 1797 981 1832 se
1002 1781 1455 1840 immutantibus,
1478 1777 1615 1828 solis
1637 1794 1817 1832 acces·

202 1862 300 1900 sus
333 1849 722 1914 discessusque
752 1847 1022 1898 solstitiis
1045 1847 1371 1912 brumisque
1394 1847 1681 1913 cognosci3
1722 1854 1819 1902 aut

202 1921 398 1971 aestus
412 1914 706 1979 maritimi,
743 1916 1129 1982 fretorumque
1147 1917 1441 1984 angustiae
1462 1921 1589 1968 ortu
1610 1925 1708 1971 aut
1724 1913 1817 1974 ob·

196 1987 285 2040 itu
306 1985 476 2038 lunae
498 1985 869 2039 commoveri?
893 1992 992 2038 aut
1010 2002 1123 2038 una
1143 1987 1318 2038 totius
1343 1986 1486 2040 caeli
1506 1992 1818 2045 conversio·

194 2072 266 2111 ne
296 2069 497 2109 cursus
526 2063 809 2109 astrorum
840 2056 1094 2125 dispares
1120 2057 1474 2112 conservari?
1543 2060 1703 2116 Haec
1731 2063 1818 2117 ita

194 2126 321 2179 fieri
350 2126 610 2179 omnibus
640 2126 787 2181 inter
804 2143 866 2181 se
889 2128 1311 2193 concinentibus
1337 2132 1535 2184 mundi
1564 2134 1815 2199 partibus

193 2195 448 2264 profecto
467 2212 579 2250 non
599 2204 845 2265 possent,
883 2198 994 2249 nisi
1015 2213 1085 2250 ea
1104 2214 1217 2250 uno
1240 2195 1432 2253 divino
1452 2208 1511 2253 et
1531 2203 1816 2254 continua·

196 2276 254 2318 to
277 2266 479 2335 spiritu
499 2267 938 2322 continerentur.
1005 2268 1097 2320 20.
1133 2270 1312 2335 Atque
1331 2267 1473 2322 haec
1499 2286 1667 2339 quum
1691 2270 1820 2321 ube-

195 2336 315 2389 rius
336 2336 695 2404 disputantur
716 2343 772 2389 et
795 2334 1007 2400 fusius,
1035 2337 1101 2400 ut
1119 2336 1259 2389 mihi
1277 2344 1364 2391 est
1379 2340 1438 2391 in
1461 2340 1648 2391 animo
1671 2337 1816 2390 facea

195 2418 290 2470 re,
337 2405 565 2458 facilius
621 2405 898 2474 effugiunt
944 2406 1407 2459 Academicorum
1460 2407 1817 2459 calumniam.

193 2476 380 2539 Quum
404 2482 609 2538 autem,
633 2481 698 2527 ut
718 2477 869 2528 Zeno
890 2476 1132 2538 solebat,
1165 2477 1393 2528 brevius
1418 2477 1819 2540 angustiusque

197 2544 630 2598 concluduntur:
672 2550 791 2596 tum
823 2545 1112 2612 apertiora
1143 2551 1272 2596 sunt
1306 2543 1379 2593 ad
1415 2540 1820 2607 reprehenden-

195 2613 345 2668 dum.
417 2613 565 2666 Nam
584 2620 648 2665 ut
670 2612 949 2681 profluens
971 2612 1153 2663 amnis
1174 2618 1274 2665 aut
1292 2612 1388 2660 vix
1408 2613 1505 2669 aut
1526 2607 1682 2656 nullo
1706 2616 1822 2654 mo·

194 2684 291 2748 do,
312 2683 580 2739 conclusa
599 2690 789 2739 autem
810 2697 955 2750 aqua
975 2680 1144 2733 facile
1167 2675 1565 2740 corrumpitura
1596 2672 1678 2726 sic
1700 2684 1821 2724 orae·
