2055 3052
272 95 381 148 54·
633 101 748 153 on
787 72 1135 159 NATURA
1171 105 1535 168 osonum

274 200 480 254 nemini
494 202 710 277 debent
733 208 895 263 esse..
943 206 1041 260 IV.
1062 209 1249 277 *Atqui
1283 218 1341 266 et
1373 200 1688 276 nostrorum
1719 241 1892 298 augu-
1931 258 1934 259 ν

228 337 232 340 ᾖ
274 283 424 336 rum,
466 281 527 326 et
547 277 908 327 Etruscorum
940 275 1303 346 haruspicum
1324 285 1670 358 disciplinam
1688 295 1748 348 P.
1765 297 1891 351 ¹Sci·

271 342 457 409 pione,
482 345 542 394 C.
564 344 766 411 Figulo
791 345 1143 411 Consulibus,
1172 365 1264 402 res
1280 353 1409 420 ipsa
1426 364 1704 426 probavit:
1744 381 1887 434 quos

269 426 437 479 quum
459 412 547 464 Ti.
569 412 869 478 Gracchus,
902 417 1112 470 Consul
1132 419 1355 486 iterum,
1383 430 1635 498 crearet,
1675 437 1889 502 primu„

267 488 622 548 rogatorum,
662 489 725 535 ut
752 499 852 537 eos
883 489 1112 553 retulit,
1154 491 1362 544 ibidem
1388 506 1477 550 est
1495 512 1724 570 repente
1745 521 1891 558 mor-

268 555 414 602 tuus.
487 550 774 606 Gracchus
805 570 974 623 quum
1004 561 1238 612 comitia
1269 561 1627 624 nihilominus
1648 576 1887 644 peregis-

244 627 369 682 .set‚
392 632 619 687 remque
642 623 801 675 illam
824 627 884 677 in
903 629 1232 696 relig-ionem
1254 635 1461 699 populo
1481 643 1702 695 venisse
1723 645 1890 696 senti·
1915 664 1920 667 ⁴

227 734 230 741 .
266 694 380 750 ret,
420 688 495 739 ad
519 689 786 744 Senatum
806 697 1045 755 ret-ulit.a
1091 696 1360 764 Senatus,
1406 720 1547 772 quos
1570 700 1891 776 adomim-et,

263 757 620 810 referendum
644 764 878 814 censuit.
950 766 1298 833 Haruspices
1318 771 1643 842 introducti,
1664 785 1890 850 respon-

267 826 485 889 derunt,
528 843 641 879 non
680 829 859 882 fuisse
899 832 1105 884 iustum
1151 839 1503 904 comitiorum
1545 858 1887 916 rogatorem.

263 892 348 946 11.
370 897 513 946 Tum
526 896 826 963 Gracchus,
848 908 913 954 ut
934 918 966 954 e
986 909 1148 970 patre
1169 908 1479 974 audiebam,
1501 913 1759 970 incensus
1782 921 1892 982 ira,

260 965 421 1017 Itane
442 968 613 1021 vero}
654 982 758 1037 ego
776 985 895 1041 ,gnon
917 972 1113 1038 iustus,
1135 977 1308 1044 quiet
1331 980 1536 1031 Consul
1556 989 1783 1049 rogavi,
1821 996 1892 1040 et

259 1049 465 1103 augur,
507 1043 570 1091 ‘et
592 1039 882 1107 auspicato
897 1042 922 1094 ’.ί
962 1059 1034 1095 an
1057 1050 1191 1110 kvos,
1232 1048 1403 1099 Tusci
1428 1063 1494 1100 ac
1514 1050 1753 1112 barbari,
1783 1070 1888 1104 au-

235 1107 569 1174 ·spiciorum
601 1111 799 1179 populi
829 1112 1073 1167 Romani
1112 1116 1434 1170 ius⁸tenetis
1462 1125 1519 1169 et
1545 1120 1885 1185 interpretes

236 1181 767 1232 essecomitiorum
791 1186 1064 1249 potestis?
1094 1187 1292 1254 Itaque
1311 1196 1428 1241 tum
1448 1188 1579 1240 illos
1603 1189 1756 1241 exire
1776 1188 1893 1239 'ms‘-

240 1247 359 1300 ·sit.
432 1249 573 1301 Post
601 1257 788 1302 autem
814 1269 885 1303 ex
918 1257 1209 1318 provincia
1235 1259 1459 1310 litteras
1490 1259 1563 1309 ad
1588 1258 1892 1322 collegium
1963 1308 1968 1313 .

263 1316 436 1378 misit,
457 1333 536 1378 se,
560 1333 726 1385 quum
744 1320 963 1385 legeret
986 1322 1179 1386 libros,
1204 1326 1557 1375 recordatum
1579 1339 1716 1386 esse,
1740 1324 1889 1377 vitio

241 1386 374 1437 -sibi
404 1387 826 1438 tabernacuium
862 1395 1085 1454 captum
1121 1391 1323 1452 fuisse,
1369 1391 1561 1442 hortos
1589 1391 1893 1460 Scipionis,

244 1476 253 1479 ⁷
280 1454 431 1517 'uod,
475 1469 639 1521 quum
678 1460 1027 1521 pomoerium
1067 1465 1265 1524 postea
1307 1461 1599 1526 intrasset,
1643 1461 1889 1517 habendi

306 1530 503 1578 enatus
526 1539 738 1587 caussa,
759 1525 818 1575 in
838 1526 1146 1590 redeundo,
1171 1543 1340 1596 quum
1361 1532 1510 1583 idem
1531 1536 1886 1599 pomoerium

259 1595 543 1657 transiret,
587 1596 865 1661 auspicari
884 1601 1045 1664 'esset
1078 1598 1311 1652 oblitus:
1354 1602 1548 1670 itaque
1569 1605 1707 1655 vitio
1732 1620 1884 1657 crea·

246 1672 351 1716 tos
375 1664 644 1716 Consules
666 1680 807 1718 esse.
879 1669 1131 1736 Augures
1150 1684 1267 1722 rem
1292 1672 1364 1723 ad
1389 1671 1679 1744 Senatum:
1714 1674 1880 1727 Sena-

248 1731 379 1798 ms,
422 1741 486 1788 ut
531 1733 853 1788 abdicarent
890 1739 1187 1804 Consules3
1231 1741 1649 1796 abdicaverunt.
1722 1744 1879 1806 Quae

258 1806 582 1873 quaerimus
612 1808 869 1874 exempla
887 1810 1142 1861 maiora}
1194 1809 1302 1864 vir
1330 1815 1775 1881 sapientissimus
1797 1819 1882 1865 at·

259 1891 369 1943 que
400 1875 549 1927 haud
583 1878 702 1928 scio
733 1894 803 1929 an
832 1880 1078 1931 omnium
1106 1885 1646 1947 praestantissimus,
1686 1898 1881 1951 pecca-

246 1951 378 1997 ‘tum
399 1959 578 2008 suum,
598 1946 747 2011 quod
771 1949 942 2006 celari
961 1956 1171 2013 posset,
1195 1955 1451 2016 confiteri
1475 1952 1688 2012 maluit,
1711 1965 1884 2016 quam

255 2012 491 2067 haerere
511 2016 571 2065 in
599 2014 889 2080 republica
912 2017 1273 2084 religionem:
1312 2022 1579 2073 Consules
1599 2034 1883 2074 summum

254 2084 556 2152 imperium
580 2084 775 2135 statim
797 2085 1094 2154 deponere,
1140 2105 1303 2157 quam
1322 2090 1378 2140 id
1401 2096 1590 2142 tenere
1611 2098 1882 2156 punctum

257 2155 532 2222 temporis
567 2163 762 2206 contra
801 2156 1150 2223 religionem.
1226 2158 1307 2210 12.
1349 2157 1561 2224 Magna
1600 2173 1882 2226 augurum

258 2225 589 2278 auctoritas.
661 2224 848 2293 Quid3
881 2226 1257 2295 Haruspicum
1301 2242 1391 2278 ars
1433 2243 1617 2282 nonne
1650 2229 1881 2282 divina!

258 2294 423 2345 Haec
450 2302 506 2346 et
538 2295 964 2349 innumerabilia
984 2312 1055 2349 ex
1086 2297 1280 2356 eodem
1312 2311 1517 2364 genere
1542 2299 1638 2368 qui
1664 2299 1881 2364 videat,

248 2377 442 2415 nonne
466 2370 703 2430 cogatur
726 2366 981 2417 confiteri
999 2366 1151 2417 Deos
1174 2368 1331 2418 esse‘ss
1351 2366 1604 2428 Quorum
1628 2370 1772 2422 enim
1796 2371 1880 2421 in-

253 2438 530 2499 terpretes
556 2438 703 2500 sunt,
723 2449 821 2485 eos
846 2435 999 2501 ipsos
1020 2449 1148 2487 esse
1171 2441 1324 2489 certe
1345 2452 1575 2492 necesse
1597 2444 1697 2491 est.
1728 2437 1879 2493 Deo·

252 2507 593 2555 rumautem
615 2503 949 2570 interpretes
971 2510 1126 2572 sunt:
1171 2504 1326 2558 Deos
1358 2507 1537 2575 igitur
1557 2524 1677 2561 esse
1702 2506 1881 2561 fatea-

255 2585 397 2622 mur.
420 2573 491 2621 At
513 2571 756 2623 fortasse
778 2589 888 2622 non
913 2575 1102 2625 omnia
1125 2577 1402 2639 eveniunt,
1426 2573 1564 2645 quae
1585 2578 1883 2644 praedicta

256 2644 404 2690 nunt.
434 2638 519 2693 Ne
540 2640 699 2708 aegri
721 2641 944 2708 quidem
965 2643 1098 2712 quia
1118 2660 1232 2700 non
1255 2662 1445 2700 omnes
1466 2647 1880 2713 convalescunt,
