2055 3052
211 148 222 153 ’
277 157 381 212 DE
401 111 702 215 NATURA
720 160 1041 217 DEORUM
1072 157 1216 220 LJB.
1238 169 1332 223 111.
1369 170 1519 226 cAP.
1540 170 1593 230 1.
1663 171 1768 229 11'3

141 265 485 333 argumentis
519 265 682 317 tollit.
763 266 950 322 Tertia
979 286 1116 337 pars
1155 281 1336 325 autem
1376 276 1767 344 disputationis

138 350 256 386 cum
280 334 540 401 partibus
562 335 766 387 duobus
788 349 1015 403 quartae
1038 340 1335 396 intercidit.
1396 345 1543 397 Nam
1564 358 1768 414 quartu

136 402 537 471 disputationis
570 405 785 458 Stoicae
806 426 970 476 pars,
1010 427 1177 477 quae,
1217 410 1366 465 Deos
1389 416 1694 482 providisse
1713 425 1770 469 et

138 471 476 526 consuluisse
520 471 1258 545 homiuibus„contendebat,
1300 495 1564 551 quattuor
1601 503 1771 555 argu-

137 540 340 592 mentis
361 540 637 595 nitebatur
668 549 740 607 (v.
762 564 977 616 argum.
999 548 1065 599 L.
1090 547 1166 602 ΙΙ.
1189 550 1248 602 in
1265 553 1406 621 fine)
1421 573 1437 606 .·
1479 554 1672 606 Itorum
1691 572 1769 608 se-

142 609 318 660 cundo
351 618 406 660 et
430 623 625 678 quarto
653 632 791 683 quae
822 618 1161 685 respondisse
1200 619 1365 674 Cotta
1383 623 1663 693 fingitur,
1700 641 1768 680 ea

145 678 261 728 solu
303 686 620 745 supersunt.-
678 702 723 736 c.
748 683 817 738 26
841 715 907 724 —
930 688 1029 739 40.-
1099 682 1356 743 Ostendit
1395 693 1534 745 enim
1568 696 1768 760 primo,

146 745 339 814 quibus
361 750 518 802 rebus
545 751 843 807 hominibus
874 757 1211 810 consuluisse
1227 757 1328 811 Dii
1359 761 1644 828 dieantur,
1684 782 1768 817 eo·

140 831 265 867 rum
279 821 561 887 pleraque,
589 823 646 874 in
661 826 858 891 pri-mis
878 828 1166 891 rationem,
1196 830 1272 880 ad
1290 829 1561 885 hominum
1583 835 1766 901 perui-

140 884 276 937 ciem
312 892 587 954 converti;
624 908 954 964 summosque
987 896 1224 951 homines
1252 911 1306 952 et
1335 901 1558 955 virtutis
1577 919 1765 959 amim-

139 954 705 1032 tissimosplerumque
729 968 873 1017 mala
884 967 1129 1038 fortuna
1152 985 1273 1021 mos
1296 987 1424 1025 esse.

136 1092 182 1145 1.
214 1093 267 1148 1.
291 1058 478 1156 Quae
503 1114 676 1165 quum
692 1099 905 1151 Balbus
929 1102 1188 1174 dixisset,
1222 1111 1343 1157 tum
1364 1110 1612 1162 arridens
1634 1112 1764 1164 Cot·
1786 1097 1807 1156 ‘⁷

140 1167 226 1221 ta,
266 1163 423 1225 Sero,
456 1169 662 1230 inquit,
683 1167 851 1229 “mihi‚
884 1167 1076 1234 Balbe,
1108 1177 1398 1244 praecipis,
1419 1181 1550 1247 quid
1577 1179 1764 1233 defen·

123 1240 134 1250 ·
152 1228 299 1281 dam.
359 1233 482 1299 Ego
508 1235 673 1296 enim,
694 1242 752 1285 te
776 1236 1104 1304 disputante,
1127 1245 1257 1311 quid
1284 1255 1480 1300 eontra
1501 1250 1764 1313 dicerem,

143 1310 369 1351 mecum
413 1301 534 1367 ipse
578 1302 920 1370 meditabar,
972 1326 1148 1379 neque
1187 1321 1301 1366 tam
1343 1318 1641 1371 refellendi
1678 1321 1766 1377 tui

143 1381 360 1433 caussa,
385 1386 551 1438 quam
578 1388 662 1435 ea,
685 1389 826 1441 quae
845 1379 1025 1432 minus
1050 1384 1450 1452 intelligebam,
1486 1390 1766 1455 requiren-

144 1435 219 1488 di.
294 1439 477 1501 Quum
524 1450 714 1494 autem
754 1462 856 1499 suo
900 1453 1097 1520 cuique
1130 1455 1342 1506 iudicio
1377 1458 1452 1508 sit
1479 1460 1768 1524 utendum,

146 1504 370 1563 difficile
391 1510 544 1563 sactu
567 1518 667 1577 est,
690 1531 778 1569 me
798 1517 854 1569 id
878 1524 1106 1587 sentire,
1130 1524 1281 1593 quod
1302 1532 1363 1578 tu
1382 1529 1540 1581 velis.
1578 1531 1629 1581 2.
1651 1530 1764 1584 Hic

141 1572 413 1645 Velleius,
455 1582 671 1646 NesciS,
712 1587 911 1654 inquit,
947 1601 1158 1660 quanta
1176 1611 1303 1646 cum
1327 1601 1763 1665 exspectatione,
1840 1610 1854 1620 ‘

140 1644 332 1713 Cotta,
372 1652 478 1715 sim
509 1659 569 1704 te
601 1654 909 1711 auditurus.
983 1661 1264 1724 Iucundus
1295 1668 1441 1733 enim
1463 1669 1642 1721 Balbo
1667 1686 1763 1722 no·

133 1722 258 1770 stro
282 1735 466 1772 sermo
488 1729 620 1773 tuus
644 1732 841 1775 eontra
860 1728 1165 1793 Epicurum
1187 1731 1311 1785 fuit.
1351 1735 1638 1791 Praebebo
1657 1738 1762 1807 igi·

129 1790 233 1836 tur
253 1802 345 1838 me
368 1802 475 1851 ego
498 1790 605 1838 tibi
624 1792 875 1842 vicissim
899 1802 1177 1849 attentum
1209 1802 1400 1858 eontra
1421 1807 1642 1862 Stoicos
1664 1812 1760 1862 afl-

131 1853 406 1905 ditorem.
480 1853 658 1919 Spero
682 1859 844 1921 enim,
865 1865 939 1923 te,
959 1870 1023 1914 ut
1044 1865 1211 1931 solae,
1230 1870 1370 1926 bene
1389 1885 1646 1944 paratum
1665 1895 1757 1933 ve-

127 1922 280 1973 nire.
352 1921 402 1975 3.
424 1923 570 1974 Tum
595 1926 787 1990 Cotta,
822 1929 955 1981 Sum
977 1935 1308 2004 mehercule,
1330 1945 1524 2016 inquit,
1547 1949 1754 2004 Vellei.

126 1982 334 2058 Neque
357 1994 501 2044 enim
524 1992 668 2055 mihi*
681 2011 784 2063 par
801 2002 950 2053 ratio
975 2020 1094 2057 cum
1108 2005 1327 2066 Lucilio
1352 2025 1456 2083 est,
1482 2036 1548 2072 ac
1567 2027 1756 2073 tecum

79 2067 86 2075 ‘
124 2060 260 2113 fuit.
335 2062 445 2124 Qut
466 2066 709 2130 tandem,
743 2069 925 2138 inquit
944 2075 1077 2129 ille?
1109 2080 1254 2142 Quia
1274 2085 1429 2150 mihi,
1451 2090 1651 2156 inquit,
1674 2091 1756 2144 vi·

113 2130 297 2183 detur
335 2132 616 2203 Epicurus
660 2147 848 2193 vester
900 2145 969 2197 de
1012 2144 1139 2201 Diis
1178 2153 1594 2210 immortalibus
1638 2175 1753 2213 nou

125 2212 471 2269 magnopere
490 2220 757 2273 pugnare.
825 2214 1239 2273 Tantummodo
1264 2239 1470 2293 negare
1488 2226 1642 2280 Deos
1664 2244 1753 2283 es-
1822 2284 1831 2291 „

125 2285 192 2321 se
211 2286 319 2322 non
342 2273 539 2336 audet,
582 2293 649 2328 ne
672 2279 803 2344 quid
825 2282 1072 2340 invidiae
1095 2292 1318 2356 subeat,
1359 2301 1457 2347 aut
1480 2297 1749 2356 criminis⁴

124 2338 309 2401 Quum
330 2359 463 2395 vero
487 2343 641 2397 Deos
664 2348 803 2400 nibil
828 2367 1011 2420 agere,
1052 2358 1192 2411 nihil
1217 2378 1414 2416 curare
1437 2368 1747 2434 confirmat,

117 2411 497 2479 membrisque
520 2414 773 2470 humanis
796 2436 915 2474 esse
930 2429 1236 2493 praeditos,
1258 2432 1358 2484 sed
1371 2449 1563 2489 eorum
1574 2453 1745 2491 mem·

94 2478 350 2541 ‘brorum
373 2499 529 2534 usum
553 2487 768 2539 nullum
801 2487 1032 2547 habere:
1077 2498 1270 2553 ludere
1291 2502 1539 2569 videtur,
1580 2508 1742 2559 satis·

115 2563 230 2617 que
251 2557 475 2616 putare,
517 2555 564 2604 si
588 2555 817 2643 dixffiss
858 2577 979 2615 esse
1004 2567 1300 2631 quamdam
1337 2571 1560 2625 beatam
1582 2581 1751 2632 natu-⁷

115 2631 274 2677 tam,
306 2626 363 2671 et
386 2628 689 2677 aeternam.
725 2629 778 2678 4.
798 2628 1038 2683 ABalbo
1063 2642 1249 2688 aut-em
1273 2641 1738 2711 animadvertisti,

115 2686 310 2749 credo,
334 2703 492 2754 quam
519 2696 699 2749 multa
720 2695 872 2751 dicta
891 2699 1021 2766 sint,
1060 2718 1351 2772 quamque,
1373 2711 1546 2766 etiam
1564 2716 1613 2768 si
1631 2717 1733 2771 mi·-

188 2758 311 2811 Cxc.
333 2760 432 2815 Or.
449 2762 548 2816 IX.
902 2822 906 2826 ,
1252 2775 1314 2830 Η
1336 2812 1341 2816 -
