2055 3052
898 45 917 70 Ἰ

618 178 811 234 Lm.
842 178 923 235 11.
998 178 1168 236 eff.
1204 178 1259 234 4.
1290 176 1342 236 5.
1390 168 1415 188 '
1633 204 1642 211 -
1745 177 1816 235 55

194 248 203 254 ,
280 252 285 257 ,
1831 260 1838 281 ἱ

189 288 396 347 ideirco
420 303 514 342 ars
534 286 699 339 nulla
717 285 992 349 medicina
1013 291 1117 339 est.
1191 284 1364 355 Signa
1393 284 1766 340 ostenduntur
1784 301 1818 341 a

185 362 314 416 Diis
338 375 533 429 rerum
555 357 884 410 futurarum.
956 359 1019 410 ln
1040 355 1126 408 his
1148 357 1317 425 siqui
1340 361 1690 416 erraverunt,
1712 371 1821 409 non

184 431 449 485 Deorum
477 433 697 490 natura,
736 427 835 495 sed
874 424 1165 478 hominum
1195 428 1521 481 coniectura
1549 424 1821 492 peccavit.

187 503 392 566 ltaque
425 497 575 548 inter
604 513 795 551 omnes
825 498 1080 549 omnium
1109 498 1366 565 gentium
1393 496 1677 550 sententia
1697 510 1823 547 con·

188 574 331 635 stat.
407 567 669 619 Omnibus
704 568 853 620 enim
884 568 1141 619 innatum
1170 573 1255 619 est
1286 574 1345 619 et
1372 569 1432 618 in
1456 567 1643 618 animo
1663 564 1824 631 quasi

158 690 164 701 κ
195 634 561 703 insculptum,
583 654 704 690 esse
726 637 898 690 Deos.
973 635 1046 690 V.
1083 633 1169 689 13.
1208 637 1420 699 Quales
1442 639 1573 698 sint,
1605 635 1822 688 varium

200 712 318 766 est:
370 721 521 769 esse,
559 723 722 761 nemo
745 713 949 774 negat.
1024 705 1324 761 Cleanthes
1362 706 1590 774 quidem
1631 710 1826 757 noster

200 781 472 844 quattuor
494 775 563 828 de
586 779 799 829 caussis
831 777 979 830 dixit
1008 777 1069 828 in
1103 779 1305 831 animis
1338 777 1623 829 hominum
1652 772 1827 827 infor-

198 853 384 899 matas
406 846 652 898 Deorum
673 864 796 915 esse
828 849 1109 902 notiones.
1179 849 1428 904 Primam
1459 846 1653 914 posuit
1683 858 1829 906 eam,

95 916 115 973 ¹,
199 915 272 970 de
295 932 405 985 qua
427 917 592 969 modo
625 917 774 980 dixi,
812 933 954 984 quae
984 925 1113 971 orta
1142 926 1292 972 esset
1325 933 1396 970 ex
1428 915 1829 984 praesensione

190 1000 387 1040 rerum
407 985 753 1051 futurarum:
799 987 1058 1049 alteram,
1098 988 1264 1054 quam
1285 988 1599 1052 ceperimus
1621 999 1692 1037 ex
1713 998 1830 1034 ma·

110 1066 115 1069 ⁷
192 1055 491 1125 gnitudine
514 1055 956 1116 commodorum,
981 1071 1123 1120 quae
1134 1054 1520 1120 percipiuntur
1538 1053 1684 1103 caeli
1694 1059 1830 1103 tem-

194 1125 515 1191 peratione,
533 1123 885 1174 fecunditate
898 1129 1200 1183 terrarum,
1219 1123 1571 1186 aliarumque
1592 1135 1831 1173 commo·

92 1220 103 1223 -
168 1248 171 1249 ⁷
208 1190 459 1240 ditatum
480 1186 858 1252 complurium
879 1188 1065 1254 copia:
1106 1186 1192 1241 14.
1225 1189 1470 1253 tertiam,
1501 1204 1642 1256 quae
1663 1195 1834 1242 terre-

203 1263 299 1310 ret
321 1255 537 1309 animos
568 1255 917 1319 fulminibus,
954 1260 1399 1325 tempestatibus,
1436 1259 1655 1323 nimbis,
1696 1259 1868 1329 nivig

200 1325 327 1389 bus,
358 1325 751 1392 grandinibus,
781 1327 1060 1390 vastitate,
1088 1331 1436 1395 pestilentia,
1459 1335 1646 1383 terrae
1667 1330 1858 1395 moti-Q

196 1389 321 1459 bus,
365 1400 423 1447 et
456 1411 625 1472 saepe
651 1394 1002 1461 fremitibus,
1046 1398 1399 1470 lapideisque
1430 1401 1732 1463 imbribus,
1772 1406 1830 1453 et

195 1464 374 1538 guttis
392 1465 657 1519 imbrium
676 1466 838 1536 quasi
858 1469 1130 1522 cruentis:
1173 1477 1295 1523 tum
1316 1471 1541 1524 labibus
1554 1473 1597 1535 *,
1611 1476 1723 1525 aut
1741 1473 1830 1524 re²

166 1589 173 1595 ,
240 1537 439 1588 entinis
478 1543 758 1590 terrarum
798 1536 1070 1593 hiatibus:
1113 1548 1252 1607 tum,
1290 1549 1517 1611 praeter
1547 1549 1825 1606 naturam,

168 1551 485 1664 ‚geminum
514 1609 897 1676 pecudumque
937 1614 1241 1677 portentis:
1284 1620 1404 1664 tum
1439 1612 1657 1676 facibus
1686 1612 1824 1673 visis

197 1677 563 1734 caelestibus:
590 1684 712 1730 tum
735 1680 918 1731 stellis
934 1681 1035 1744 iis,
1057 1696 1194 1747 quas
1217 1682 1425 1733 Graeci
1444 1688 1709 1743 cometas,
1729 1696 1827 1734 no-

195 1747 310 1799 stri
332 1747 566 1798 crinitas
585 1753 818 1802 vocant:
857 1764 1000 1813 quae
1016 1764 1193 1813 nuper
1209 1751 1363 1801 bello
1384 1751 1691 1802 Octaviano
1713 1767 1828 1803 ma·

206 1827 446 1877 gnarum
468 1812 697 1863 fuerunt
718 1816 1107 1864 calamitatum
1126 1818 1518 1880 praenuntiaez
1557 1825 1678 1870 tum
1707 1821 1825 1875 sole
1859 1828 1862 1838 “

76 1894 94 1908 ’
190 1943 197 1946 Ἰ
209 1879 518 1945 geminam,
540 1879 704 1945 quod,
725 1886 793 1929 ut
813 1895 843 1931 e
863 1886 1023 1947 patre
1046 1884 1255 1946 audivi,
1280 1885 1559 1943 Tuditano
1580 1889 1825 1957 etAquil.

203 1947 293 2008 lio
321 1948 654 1999 Consulibus
674 1956 964 2004 evenerat:
989 1967 1099 2019 quo
1122 1954 1346 2023 quidem
1366 1972 1510 2010 anno
1532 1958 1594 2011 P.
1614 1948 1825 2015 Africa-

198 2031 319 2082 nus⁸
333 2018 423 2068 sol
445 2018 594 2071 alter
614 2020 922 2085 exstinctus
945 2028 1050 2075 est.
1124 2024 1337 2087 Quibus
1359 2025 1617 2083 exterriti
1648 2028 1823 2086 homi·

107 2117 124 2130 —
198 2101 304 2142 nes
332 2088 445 2140 vim
476 2089 769 2156 quamdam
802 2108 925 2145 esse
961 2094 1259 2149 caelestem
1294 2104 1352 2151 et
1374 2099 1618 2153 divinam
1649 2104 1825 2171 suspi-

202 2158 321 2212 cati
360 2163 507 2214 sunt.
555 2156 665 2213 ‘15.
703 2160 975 2232 Quartam
1005 2181 1260 2228 caussam
1292 2184 1432 2233 esse,
1471 2186 1705 2238 eamque
1734 2172 1827 2225 vel

201 2229 527 2292 maximam,
556 2231 1015 2297 aequabilitatem
1039 2243 1240 2301 motus,
1260 2242 1681 2293 conversionem
1701 2256 1825 2293 cae·

200 2299 272 2353 li:
314 2298 483 2362 solis,
522 2299 708 2363 lunae,
737 2302 1097 2371 siderumque
1121 2309 1371 2358 omnium
1392 2309 1825 2371 distinctionem,

198 2369 557 2432 varietatem,
577 2368 1065 2437 pulchritudinem,
1085 2377 1360 2430 ordinemz
1385 2394 1619 2444 quarum
1638 2392 1825 2442 rerum

201 2439 504 2506 adspectus
536 2438 657 2505 ipse
678 2442 820 2498 satis
849 2442 1156 2507 indicaret,
1197 2461 1312 2497 non
1334 2460 1456 2499 esse
1478 2465 1547 2500 ea
1567 2446 1824 2500 fortuita.

202 2509 279 2561 Ut
300 2510 350 2560 si
371 2510 498 2577 quis
520 2508 582 2560 in
603 2508 825 2570 domum
859 2512 1231 2577 aliquam'aut
1259 2515 1316 2564 in
1349 2517 1704 2580 gymnasium
1726 2516 1826 2561 aut

200 2578 262 2632 in
281 2579 469 2631 forum
491 2580 731 2643 venerit3
776 2596 945 2646 quum
964 2581 1157 2634 videat
1187 2582 1430 2633 omnium
1450 2596 1636 2635 rerum
1654 2577 1829 2627 ratio-

204 2663 352 2711 nem,
382 2647 627 2710 modum,
659 2647 1035 2713 disciplinam,
1068 2666 1178 2708 non
1199 2649 1379 2714 possit
1403 2666 1472 2700 ea
1491 2649 1609 2697 sine
1633 2659 1828 2696 caussa
1892 2667 1900 2671 ³

206 2716 633 2783 fieriiudicare,
671 2712 774 2770 sed
796 2730 919 2770 esse
943 2716 1189 2786 aliquem
1208 2714 1519 2780 intelligat,
1557 2714 1650 2781 qui
1672 2727 1827 2780 prac-
