2055 3052
230 140 299 194 to
572 126 703 194 ‘DE
736 137 1080 199 NATURA
1111 139 1479 196 DEORUM

226 256 333 310 que
372 239 587 306 videor,
625 242 880 313 inquam,
909 228 1166 312 venisse,
1205 252 1271 299 ut
1312 246 1480 311 dicis,
1516 253 1847 316 opportune.

225 314 369 365 'l'res
388 313 535 365 enim
552 314 724 367 trium
740 315 1164 383 disciplinarum
1185 318 1480 385 principes
1491 318 1849 371 convenistis.

228 382 312 436 Μ.
334 381 468 435 Piso
489 382 538 434 si
563 383 803 448 adesset,
842 385 1053 438 nullius
1071 385 1479 455 philosophiae,
1514 403 1704 442 earum
1729 388 1851 454 qui·

229 452 373 517 dem,
397 453 617 520 quaein
636 452 849 519 honore
871 462 1020 520 sunt,
1041 463 1272 512 vacaret
1290 458 1466 511 locus.
1490 460 1637 512 Tum
1659 459 1848 519 Gutta,

192 522 207 526 ”
228 521 313 586 Si,
343 523 399 574 in
438 523 548 585 uit,
581 523 729 578 liber
745 525 1015 579 Antiochi.
1033 528 1241 593 nostri,
1271 528 1375 596 qui
1391 528 1466 581 ab
1487 543 1554 582 eo
1576 542 1753 595 nuper
1774 527 1850 580 nd

229 590 373 645 hunc
452 592 638 645 album
682 596 884 648 missus
915 603 1031 662 est,
1072 614 1209 652 vera
1247 597 1525 666 loquitur:
1567 597 1713 649 nihil
1736 603 1844 662 est,

227 659 376 730 quod
395 660 682 728 Pisonem,
713 664 1050 720 familiarem
1079 674 1255 732 tuum,
1285 668 1588 723 desideres.
1656 667 1850 720 Antio-

118 748 129 751 *
212 730 332 784 cho
367 732 517 785 enim
538 732 715 787 Stoici
754 751 880 788 cum
915 735 1310 807 Peripateticis
1350 753 1412 792 re
1445 739 1737 805 concinere
1767 737 1850 788 vi-

226 800 455 867 dentur,
491 804 680 857 verbis
703 805 1050 873 discrepare:
1093 822 1202 876 quo
1226 808 1296 860 de
1325 808 1473 861 libro
1491 808 1660 861 velim
1683 807 1856 870 scire,

227 870 420 936 Balbe,
443 872 576 941 quid
599 876 825 937 sentias.
879 878 1114 945 Egone2
1149 878 1332 946 inquit
1350 878 1468 931 ille.
1523 878 1723 940 Miror,
1741 878 1849 929 An·
1949 904 1954 909 -

226 940 490 1011 tiochum,
513 942 792 999 hominem
809 946 868 998 in
889 947 1090 1014 primis
1106 955 1353 1031 acutum,
1382 964 1493 1000 non
1513 948 1737 1012 vidisse,
1765 946 1849 998 in·

226 1017 435 1066 teresse
466 1013 765 1080 plurimum
794 1016 944 1069 inter
971 1017 1219 1081 Stoicos,
1262 1033 1355 1086 qm
1384 1016 1680 1071 honesta-a
1696 1031 1848 1069 com·

227 1082 406 1135 modis
427 1098 540 1136 non
560 1086 809 1150 nomine,
848 1086 949 1140 sed
964 1103 1176 1157 genere
1197 1094 1321 1142 toto
1345 1087 1752 1157 disiungerent,
1787 1090 1847 1138 et

227 1150 669 1220 Peripateticos,
697 1157 792 1223 qui
820 1154 1057 1212 honesta
1087 1159 1512 1213 commiscerent
1542 1172 1665 1211 cum
1698 1170 1844 1208 com·

184 1240 187 1243 ’
226 1221 434 1285 modis,
467 1230 535 1274 ut
554 1240 625 1277 ea
644 1226 799 1279 inter
812 1243 875 1280 se
896 1230 1278 1294 magnitudine
1299 1236 1358 1283 et
1377 1229 1537 1296 quasi
1554 1227 1846 1295 gradibus.

226 1305 338 1342 non
358 1292 894 1359 generedifferrent.
950 1296 1116 1347 Haec
1137 1299 1284 1347 enim
1307 1303 1394 1348 est
1415 1310 1527 1348 non
1546 1295 1847 1347 verborum

224 1373 427 1426 parva,
469 1360 570 1412 sed
597 1376 784 1415 rerum
811 1375 1120 1430 permagna
1140 1363 1435 1415 dissensio.
1508 1359 1594 1416 1⁷.
1630 1361 1848 1416 Verum

228 1428 366 1482 haec
399 1429 566 1482 alias:
600 1445 746 1483 nunc
776 1431 925 1500 quod
956 1432 1268 1500 coepimus,
1309 1433 1361 1485 si
1385 1430 1630 1487 videtur.
1699 1432 1849 1486 Mihi

176 1537 179 1540 Α
226 1513 379 1563 vero,
401 1498 580 1568 inquit
600 1501 787 1565 Cotta,
807 1500 1049 1555 videtur.
1069 1531 1080 1536 ·
1117 1500 1252 1567 Sed,
1274 1508 1335 1556 ut
1354 1500 1463 1568 hic,
1484 1496 1581 1571 qui
1606 1503 1849 1557 interve·

228 1569 331 1632 nit,
361 1584 450 1622 me
471 1570 708 1633 intuens,
737 1587 807 1625 ne
827 1572 1074 1641 ignoret,
1117 1573 1260 1640 quae
1280 1589 1371 1629 res
1396 1582 1622 1643 agatur:
1662 1574 1731 1629 de
1753 1589 1851 1626 na·

228 1646 358 1692 tura
381 1639 683 1707 agebamus
702 1640 970 1696 Deorum.
1029 1642 1189 1706 Quae
1210 1659 1377 1711 quum
1400 1643 1537 1697 mihi
1559 1645 1850 1713 videretur
1909 1656 1916 1662 ·

228 1707 592 1777 perobscura,
620 1711 695 1765 'ut
715 1726 936 1782 semper
953 1711 1139 1767 videri
1156 1715 1335 1779 solet,
1373 1715 1607 1783 Epicuri
1626 1731 1698 1769 ex
1716 1714 1847 1768 Vel·

229 1780 341 1834 leio
380 1779 713 1836 sciscitabar
749 1784 1105 1839 sententiam.
1197 1785 1602 1850 Quamobrem,
1643 1784 1849 1854 inquit,

229 1846 436 1915 Vellei,
455 1851 568 1905 nisi
587 1853 890 1909 molestum
911 1861 1016 1920 est,
1037 1862 1247 1926 repete,
1270 1873 1413 1927 quae
1436 1870 1723 1925 coeperas.
1744 1855 1852 1907 Re·
1911 1893 1914 1896 Α

232 1925 421 1986 petam
442 1936 605 1975 vero:
648 1937 983 1990 quamquam
1003 1940 1117 1976 non
1137 1926 1274 1977 mihi
1287 1962 1318 1988 ,-
1332 1927 1432 1981 sed
1450 1928 1559 1979 tibi
1587 1926 1680 1977 hic
1698 1923 1853 1976 venit

229 1989 475 2042 adiutor.
529 1990 708 2044 Ambo
730 1992 895 2052 enim,
917 1993 1100 2058 inquit
1119 1994 1388 2055 arridens,
1413 1995 1482 2045 ab
1505 1992 1703 2045 eodem
1725 1991 1878 2046 Phi-c

229 2060 359 2113 lone
380 2054 523 2110 nihil
545 2058 690 2111 scire
711 2059 1011 2111 didicistis.
1083 2060 1228 2111 Tum
1250 2075 1384 2129 ego,
1420 2060 1570 2126 Quid
1594 2060 1852 2114 didiceri-

228 2136 371 2193 mus,
391 2129 562 2181 Cotta
578 2127 813 2181 viderit:
850 2135 913 2181 tu
932 2133 1120 2181 autem
1143 2130 1276 2182 nolo
1299 2131 1610 2195 existimes,
1642 2146 1735 2186 me
1756 2131 1853 2185 ad·

228 2200 470 2252 intorem
491 2194 620 2252 huic
635 2198 877 2263 venisse,
915 2197 1016 2251 sed
1044 2198 1385 2265 auditorem,
1425 2207 1484 2255 et
1512 2199 1740 2269 quidem
1759 2218 1850 2256 ae-

230 2283 417 2337 quum,
459 2267 640 2321 libero
660 2266 888 2332 iudicio,
934 2267 1091 2322 nulla
1112 2270 1384 2324 eiusmodi
1407 2271 1736 2326 adstrictum
1759 2287 1851 2324 ne·

230 2338 520 2401 cessitate,
555 2344 621 2390 ut
647 2335 802 2403 mihi,
824 2338 1029 2405 velim,
1069 2340 1266 2408 nolim,
1303 2342 1380 2396 sit
1397 2348 1555 2398 eerta
1576 2343 1847 2413 quaedam

148 2469 155 2470 ἶ
227 2407 438 2463 tuenda
457 2408 751 2462 sententia.
1153 2435 1156 2438 ¹
1359 2435 1360 2442 κ
1669 2441 1675 2448 ·

257 2474 263 2482 ’
332 2476 481 2531 Vlll.
519 2474 605 2531 18.
642 2479 793 2540 Tum.
810 2477 1087 2543 Velleius,
1128 2480 1370 2536 fidenter
1389 2497 1550 2544 sane,
1579 2487 1645 2534 ut
1664 2482 1849 2535 solent

228 2549 346 2610 isti,
371 2547 514 2600 nihil
536 2552 653 2599 tam
674 2562 890 2611 verens,
921 2564 1086 2616 quam
1109 2561 1182 2604 ne·
1202 2552 1459 2608 dubitare
1482 2553 1672 2617 aliqua
1694 2552 1763 2604 de
1786 2566 1848 2604 re

228 2617 536 2681 videretur:
573 2622 857 2683 tamquam
882 2618 1048 2670 modo
1071 2635 1140 2671 ex
1160 2620 1411 2673 Deorum
1435 2620 1675 2674 concilio
1695 2627 1752 2673 et
1775 2636 1846 2675 ex

231 2685 459 2752 Epicuri
495 2686 890 2742 intermundiis
925 2687 1333 2745 descendisset:
1372 2689 1603 2754 Audite,
1642 2689 1844 2760 inquit.
1933 2714 1938 2717 ·
