2055 3052
235 137 272 190 s
394 168 404 185 .
603 130 718 187 DE
753 131 1099 191 NATURA
1129 131 1503 200 osonum

237 240 293 291 in
316 238 666 308 disputando,
697 254 864 308 quum
876 255 955 292 ,ex
975 240 1047 292 iis
1067 245 1449 308 quaereretur,
1481 254 1653 308 quare
1670 239 1757 292 ita
1771 253 1862 292 ese

237 315 342 372 set,
363 309 701 376 respondere
724 310 956 362 solitos:
987 312 1101 379 ipse
1120 309 1284 364 dixit.
1354 311 1477 379 Ipse
1499 317 1703 375 autem,
1736 315 1863 362 erat

237 379 611 448 Pythagoras.
684 381 929 431 Tantum
964 381 1156 448 opinio
1190 381 1575 448 praeiudicata
1612 386 1859 448 poterat,

238 461 304 503 ut
325 451 494 502 etiam
515 451 638 501 sine
658 450 880 503 ratione
900 450 1117 505 valeret
1138 451 1464 503 auctoritas.
1520 449 1605 505 11.
1630 451 1740 512 Qui
1759 465 1859 503 au·

241 529 358 576 tem
378 520 680 582 mirantur,
721 535 823 572 nos
844 518 989 572 hanc
1016 522 1376 588 potissimum
1397 521 1749 588 disciplinam
1771 535 1859 572 se-

241 595 429 653 cutos,
468 589 557 640 his
589 595 858 656 quattuor
882 591 1232 643 Academicis
1267 590 1426 643 libris
1445 591 1606 642 *satis
1629 602 1861 656 respon·

240 675 367 719 sum
386 658 626 712 videtur.
685 658 739 709 N
741 675 804 711 ec
821 675 956 712 vero
978 660 1326 714 desertarum
1349 660 1859 726 derelictarumque

241 744 429 783 rerum
451 729 824 796 patrocinium
843 732 1206 799 suscepimus.
1260 730 1387 782 Non
1408 731 1555 782 enim
1576 728 1861 782 hominum

240 799 475 850 interitu
504 799 814 850 sententiae
844 814 1065 867 quoque
1097 801 1387 863 occidunt:
1432 801 1532 852 sed
1564 801 1745 851 lucem
1766 814 1862 850 au·

244 868 420 921 ctoris
443 867 683 919 fortasse
706 868 1053 935 desiderant:
1075 876 1140 921 ut
1163 871 1300 922 haec
1320 871 1381 921 in
1400 867 1757 938 philosophia
1775 883 1863 920 ra·

196 948 199 953 ’
241 939 327 990 tio
352 943 549 990 contra
572 938 761 995 omnia
783 938 1128 1002 disserendi,
1171 940 1504 1008 nullamque·
1521 954 1641 991 rem
1664 938 1863 1006 aperte

241 1007 554 1070 iudicandi,
592 1006 852 1075 profecta
878 1024 913 1060 a
932 1009 1166 1062 Socrate
1180 1044 1196 1072 ,
1240 1010 1483 1076 repetita
1504 1011 1573 1061 ab
1589 1007 1865 1070 Arcesila,

246 1080 577 1131 confirmata
598 1078 948 1143 acarneade,
971 1095 1146 1148 usque
1166 1079 1239 1130 ad
1261 1085 1510 1131 nostram
1522 1077 1700 1145 viguit
1713 1083 1864 1130 aeta-

241 1155 388 1215 tem3
426 1164 598 1216 quama
632 1164 778 1201 nuno
816 1150 1219 1218 propemodum
1257 1151 1453 1202 orbam
1493 1164 1615 1202 esse
1651 1148 1712 1198 in
1741 1149 1865 1214 ipsa

245 1219 489 1270 Graecia
514 1219 794 1285 intelligo.
869 1220 1037 1280 Quod
1071 1237 1183 1273 non
1204 1220 1539 1272 Academiae
1557 1218 1725 1278 vitio,
1766 1213 1865 1267 sed

243 1287 515 1340 tarditate
536 1287 823 1337 hominum
852 1289 1098 1338 arbitror
1127 1290 1447 1352 contigisse.
1517 1285 1662 1336 Nam
1683 1285 1737 1333 si
1755 1285 1886 1353 sin·¹

236 1357 410 1424 gulas
431 1355 760 1420 disciplinas
776 1357 1069 1474 percipere
1088 1370 1350 1421 magnum
1372 1359 1476 1416 est,
1518 1358 1728 1418 quanto
1748 1367 1868 1406 ma·

243 1429 335 1480 ius
359 1424 583 1477 omnesl
607 1424 755 1493 quod

232 1498 419 1551 «situm
441 1501 552 1558 est,
592 1494 716 1546 veri
751 1494 1068 1561 reperiendi
1098 1508 1322 1557 caussa,
1365 1500 1423 1547 et
1456 1500 1653 1546 contra
1672 1508 1867 1546 omnes

221 1563 632 1635 ‘philosophos,
654 1569 712 1616 et
734 1580 835 1632 pro
858 1566 1114 1617 omnibus
1139 1566 1344 1618 dicere.
1382 1564 1553 1617 Cuius
1569 1565 1654 1617 rei
1669 1570 1866 1618 tantae

234 1645 472 1703 tamque
494 1633 741 1686 difficilis
763 1633 1094 1688 facultatem
1116 1640 1477 1688 consecutum
1499 1651 1622 1688 esse
1643 1651 1734 1687 me
1754 1650 1863 1687 non

242 1706 547 1775 profiteor3
586 1711 839 1758 secutum
859 1720 993 1758 esse
1023 1720 1159 1773 prae
1188 1721 1278 1758 me
1310 1706 1450 1758 fero.
1524 1702 1609 1758 12.
1633 1705 1751 1758 Nec
1780 1710 1868 1757 ta·

240 1792 370 1829 men
391 1775 512 1827 fieri
536 1781 741 1841 potest,
785 1781 866 1839 ut,
904 1777 996 1844 qui
1017 1776 1125 1829 hac
1145 1777 1363 1830 ratione
1386 1773 1868 1844 philosophentur,

238 1847 287 1899 ii
307 1845 447 1910 nihil
462 1844 729 1909 habeant,
752 1847 900 1915 quod
925 1856 1243 1916 sequantur.
1272 1843 1510 1900 Dictum
1533 1853 1619 1898 est
1637 1845 1865 1897 omnino

152 1973 157 1976 ,
240 1915 349 1969 hac
372 1917 440 1969 de
461 1932 524 1968 re
547 1917 660 1967 alio
691 1918 819 1978 1·er
845 1918 1195 1984 diligentium
1232 1917 1342 1970 sed*
1357 1918 1493 1982 quia<
1517 1917 1684 1966 nimis
1707 1914 1867 1965 indo-

242 1987 382 2040 ciles
405 1985 630 2053 quidam
653 1985 911 2051 tardique
933 1993 1083 2046 sunt,
1106 1985 1442 2034 admonendi
1464 1983 1726 2044 videntur
1746 1998 1870 2034 sae·

243 2058 388 2126 pius.
460 2054 590 2106 Non
621 2056 767 2105 euim
794 2067 982 2103 sumus
1009 2053 1081 2114 ii,
1125 2052 1324 2118 quibus
1353 2049 1498 2101 nihil
1528 2065 1720 2102 verum
1741 2067 1868 2103 esse

245 2121 655 2178 videaturt'sed
674 2123 736 2185 ii,
757 2121 853 2188 qui
872 2122 1128 2173 omnibus
1149 2120 1297 2171 veris
1316 2119 1464 2174 falsa
1481 2119 1756 2187 quaedam
1772 2120 1869 2171 ad-

245 2198 439 2249 iuncta
460 2194 581 2245 esse
603 2193 868 2252 dicamus,
893 2196 1056 2241 tanta
1075 2189 1461 2253 similitudine,
1486 2192 1623 2246 utin
1643 2190 1717 2241 iis
1744 2190 1869 2242 nul·

245 2267 309 2319 la
324 2265 465 2317 insit
487 2269 641 2314 certa
659 2259 947 2312 iudicandi
969 2267 1027 2312 et
1049 2260 1395 2313 assentiendi
1415 2267 1567 2314 nota.
1638 2261 1728 2314 Ex
1753 2275 1866 2327 quo

249 2334 479 2389 exsistit
500 2332 663 2394 illud,
684 2329 865 2382 multa
874 2345 997 2381 esse
1009 2330 1353 2397 probabilia:
1377 2348 1518 2399 quae
1531 2345 1867 2399 quamquam

248 2419 361 2457 non
374 2404 810 2472 perciperentur,
832 2406 1037 2463 tamen,
1048 2402 1182 2469 quia
1193 2402 1371 2452 visum
1390 2402 1660 2453 haberent
1675 2416 1869 2467 quem·

249 2475 381 2527 dam
410 2471 689 2540 insignem
720 2476 777 2524 et
808 2469 1119 2537 illustrem,
1159 2470 1247 2523 his
1270 2471 1541 2539 sapientis
1562 2472 1685 2523 vita
1707 2483 1869 2536 rege·

239 2550 416 2597 retur.
490 2569 493 2572 =
674 2570 697 2588 a
1099 2547 1108 2560 ⁸
1703 2562 1715 2574 -

261 2674 267 2681 ι
355 2613 453 2664 VI.
493 2610 575 2666 13.
614 2611 726 2666 Sed
747 2612 877 2673 iam,
899 2616 967 2661 ut
988 2611 1140 2663 omni
1161 2628 1250 2664 me
1270 2610 1479 2662 invidia
1500 2609 1749 2668 liberem,
1770 2619 1866 2673 po·

154 2697 169 2726 ·.
224 2695 379 2729 mam
420 2682 479 2732 in
509 2682 705 2748 medio,
726 2681 1036 2752 sententias
1074 2678 1530 2751 philosophorum
1564 2681 1634 2731 de
1660 2683 1866 2729 natura

804 1439 971 1476 acere
988 1425 1059 1475 iis
1078 1438 1317 1476 neeesse
1328 1429 1431 1487 est,
1455 1422 1866 1490 quibuspropo·
1961 1448 1968 1457 -
